<record><leader>00000cas a22000007a 4500</leader><controlfield tag="001">21920483</controlfield><controlfield tag="008">900626d1977198upr mr ne      0    0spa d</controlfield><datafield ind1=" " ind2=" " tag="010"><subfield code="a">sn 90070161 </subfield></datafield><datafield ind1=" " ind2=" " tag="040"><subfield code="a">PNN</subfield><subfield code="b">eng</subfield><subfield code="c">PNN</subfield><subfield code="d">OCLCQ</subfield></datafield><datafield ind1=" " ind2=" " tag="042"><subfield code="a">msc</subfield></datafield><datafield ind1="0" ind2="0" tag="245"><subfield code="a">San Juan en accio&#769;n.</subfield></datafield><datafield ind1=" " ind2=" " tag="260"><subfield code="a">San Juan, P.R. :</subfield><subfield code="b">Municipio de San Juan</subfield></datafield><datafield ind1=" " ind2=" " tag="300"><subfield code="a">v.</subfield></datafield><datafield ind1=" " ind2=" " tag="310"><subfield code="a">Monthly</subfield></datafield><datafield ind1="0" ind2=" " tag="362"><subfield code="a">An&#771;o 1, nu&#769;m. 1 (Jul.-Agosto 1977)-</subfield></datafield><datafield ind1=" " ind2=" " tag="500"><subfield code="a">&quot;Publicacio&#769;n oficial del gobierno de la capital.&quot;</subfield></datafield><datafield ind1=" " ind2=" " tag="752"><subfield code="a">United States</subfield><subfield code="b">Puerto Rico</subfield><subfield code="d">San Juan.</subfield></datafield><datafield ind1="0" ind2="0" tag="780"><subfield code="t">Dia&#769;logo</subfield><subfield code="w">(DLC)sn 90070156</subfield></datafield><datafield ind1="0" ind2="0" tag="785"><subfield code="t">Dia&#769;logo</subfield><subfield code="w">(DLC)sn 89078123</subfield></datafield></record>